@inproceedings{letendre2013synergy,
	title={Synergy in ant foraging strategies: memory and communication alone and in combination},
	author={Letendre, Kenneth and Moses, Melanie E},
	booktitle={Proceedings of the 15th annual conference on Genetic and evolutionary computation},
	pages={41--48},
	year={2013},
	organization={ACM}
}
@inproceedings{flanagan2011ants,
	title={How ants turn information into food},
	author={Flanagan, Tatiana Paz and Letendre, Kenneth and Burnside, William and Fricke, G Matthew and Moses, Melanie},
	booktitle={Artificial Life (ALIFE), 2011 IEEE Symposium on},
	pages={178--185},
	year={2011},
	organization={IEEE}
}
@article{narzt2010self,
  title={Self-organising congestion evasion strategies using ant-based pheromones},
  author={Narzt, W and Wilflingseder, U and Pomberger, G and Kolb, D and H{\"o}rtner, H},
  journal={IET Intelligent Transport Systems},
  volume={4},
  number={1},
  pages={93--102},
  year={2010},
  publisher={IET}
}
@article{dorigo1997ant,
	title={Ant colony system: a cooperative learning approach to the traveling salesman problem},
	author={Dorigo, Marco and Gambardella, Luca Maria},
	journal={IEEE Transactions on evolutionary computation},
	volume={1},
	number={1},
	pages={53--66},
	year={1997},
	publisher={IEEE}
}
@inproceedings{he2011ant,
	title={Ant colony optimization for community detection in large-scale complex networks},
	author={He, Dongxiao and Liu, Jie and Liu, Dayou and Jin, Di and Jia, Zhengxue},
	booktitle={Natural Computation (ICNC), 2011 Seventh International Conference on},
	volume={2},
	pages={1151--1155},
	year={2011},
	organization={IEEE}
}
@article{jackson2006communication,
	title={Communication in ants},
	author={Jackson, Duncan E and Ratnieks, Francis LW},
	journal={Current biology},
	volume={16},
	number={15},
	pages={R570--R574},
	year={2006},
	publisher={Elsevier}
}
@misc{SocialInsect,
	title = {Social Insect},
	howpublished = {\url{https://www.britannica.com/animal/social-insect}},
}
@article{hobbs1985harvester,
	title={Harvester ant foraging and plant species distribution in annual grassland},
	author={Hobbs, Richard J},
	journal={Oecologia},
	volume={67},
	number={4},
	pages={519--523},
	year={1985},
	publisher={Springer}
}
@article{whitford1978foraging,
	title={Foraging in Seed-Harvester Ants Progonomyrmex SPP},
	author={Whitford, Walter G},
	journal={Ecology},
	volume={59},
	number={1},
	pages={185--189},
	year={1978},
	publisher={Wiley Online Library}
}
@article{whitford1975factors,
	title={Factors affecting foraging activity in Chihuahuan desert harvester ants},
	author={Whitford, Walter G and Ettershank, George},
	journal={Environmental Entomology},
	volume={4},
	number={5},
	pages={689--696},
	year={1975},
	publisher={The Oxford University Press}
}
@article{flanagan2012quantifying,
	title={Quantifying the effect of colony size and food distribution on harvester ant foraging},
	author={Flanagan, Tatiana P and Letendre, Kenneth and Burnside, William R and Fricke, G Matthew and Moses, Melanie E},
	journal={PloS one},
	volume={7},
	number={7},
	pages={e39427},
	year={2012},
	publisher={Public Library of Science}
}
@article{hecker2015beyond,
	title={Beyond pheromones: evolving error-tolerant, flexible, and scalable ant-inspired robot swarms},
	author={Hecker, Joshua P and Moses, Melanie E},
	journal={Swarm Intelligence},
	volume={9},
	number={1},
	pages={43--70},
	year={2015},
	publisher={Springer}
}
@article{gordon1996founding,
	title={Founding, foraging, and fighting: colony size and the spatial distribution of harvester ant nests},
	author={Gordon, Deborah M and Kulig, Alan W},
	journal={Ecology},
	volume={77},
	number={8},
	pages={2393--2409},
	year={1996},
	publisher={Wiley Online Library}
}
@article{traniello1989foraging,
	title={Foraging strategies of ants},
	author={Traniello, James FA},
	journal={Annual review of entomology},
	volume={34},
	number={1},
	pages={191--210},
	year={1989},
	publisher={Annual Reviews 4139 El Camino Way, PO Box 10139, Palo Alto, CA 94303-0139, USA}
}
@article{tarasewich2002swarm,
	title={Swarm intelligence: power in numbers},
	author={Tarasewich, Peter and McMullen, Patrick R},
	journal={Communications of the ACM},
	volume={45},
	number={8},
	pages={62--67},
	year={2002},
	publisher={ACM}
}
@article{collett2010desert,
	title={How desert ants use a visual landmark for guidance along a habitual route},
	author={Collett, Matthew},
	journal={Proceedings of the National Academy of Sciences},
	volume={107},
	number={25},
	pages={11638--11643},
	year={2010},
	publisher={National Acad Sciences}
}
@article{bonabeau2000inspiration,
	title={Inspiration for optimization from social insect behaviour},
	author={Bonabeau, Eric and Dorigo, Marco and Theraulaz, Guy},
	journal={Nature},
	volume={406},
	number={6791},
	pages={39--42},
	year={2000},
	publisher={Nature Publishing Group}
}
@article{beshers2001models,
	title={Models of division of labor in social insects},
	author={Beshers, Samuel N and Fewell, Jennifer H},
	journal={Annual review of entomology},
	volume={46},
	number={1},
	pages={413--440},
	year={2001},
	publisher={Annual Reviews 4139 El Camino Way, PO Box 10139, Palo Alto, CA 94303-0139, USA}
}
@article{anderson2001individual,
	title={Individual versus social complexity, with particular reference to ant colonies},
	author={Anderson, Carl and McShea, Daniel W},
	journal={Biological reviews},
	volume={76},
	number={2},
	pages={211--237},
	year={2001},
	publisher={Wiley Online Library}
}
@article{wilson2005eusociality,
	title={Eusociality: origin and consequences},
	author={Wilson, Edward O and H{\"o}lldobler, Bert},
	journal={Proceedings of the National Academy of Sciences of the United States of America},
	volume={102},
	number={38},
	pages={13367--13371},
	year={2005},
	publisher={National Acad Sciences}
}
@article{fryzlewicz2014wild,
	title={Wild binary segmentation for multiple change-point detection},
	author={Fryzlewicz, Piotr and others},
	journal={The Annals of Statistics},
	volume={42},
	number={6},
	pages={2243--2281},
	year={2014},
	publisher={Institute of Mathematical Statistics}
}
@article{scott1974cluster,
	title={A cluster analysis method for grouping means in the analysis of variance},
	author={Scott, ANDREW JHON and Knott, M},
	journal={Biometrics},
	pages={507--512},
	year={1974},
	publisher={JSTOR}
}
@article{kukulski2000normal,
	title={Normal regional right ventricular function and its change with age: a Doppler myocardial imaging study},
	author={Kukulski, Tomasz and H{\"u}bbert, Laila and Arnold, Martina and Wranne, Bengt and Hatle, Liv and Sutherland, George R},
	journal={Journal of the American Society of Echocardiography},
	volume={13},
	number={3},
	pages={194--204},
	year={2000},
	publisher={Elsevier}
}