@article{narzt2010self,
  title={Self-organising congestion evasion strategies using ant-based pheromones},
  author={Narzt, W and Wilflingseder, U and Pomberger, G and Kolb, D and H{\"o}rtner, H},
  journal={IET Intelligent Transport Systems},
  volume={4},
  number={1},
  pages={93--102},
  year={2010},
  publisher={IET}
}